@inproceedings{petsiuk2018rise,
 author = {Vitali Petsiuk and
Abir Das and
Kate Saenko},
 bibsource = {dblp computer science bibliography, https://dblp.org},
 biburl = {https://dblp.org/rec/conf/bmvc/PetsiukDS18.bib},
 booktitle = {British Machine Vision Conference 2018, {BMVC} 2018, Newcastle, UK,
September 3-6, 2018},
 pages = {151},
 publisher = {{BMVA} Press},
 timestamp = {Thu, 12 Mar 2020 00:00:00 +0100},
 title = {{RISE:} Randomized Input Sampling for Explanation of Black-box Models},
 year = {2018}
}

@inproceedings{krizhevsky2012imagenet,
 author = {Alex Krizhevsky and
Ilya Sutskever and
Geoffrey E. Hinton},
 bibsource = {dblp computer science bibliography, https://dblp.org},
 biburl = {https://dblp.org/rec/conf/nips/KrizhevskySH12.bib},
 booktitle = {Advances in Neural Information Processing Systems 25: 26th Annual
Conference on Neural Information Processing Systems 2012. Proceedings
of a meeting held December 3-6, 2012, Lake Tahoe, Nevada, United States},
 editor = {Peter L. Bartlett and
Fernando C. N. Pereira and
Christopher J. C. Burges and
L{\'{e}}on Bottou and
Kilian Q. Weinberger},
 pages = {1106--1114},
 timestamp = {Thu, 21 Jan 2021 00:00:00 +0100},
 title = {ImageNet Classification with Deep Convolutional Neural Networks},
 year = {2012}
}


@inproceedings{simonyan2014very,
 author = {Karen Simonyan and
Andrew Zisserman},
 bibsource = {dblp computer science bibliography, https://dblp.org},
 biburl = {https://dblp.org/rec/journals/corr/SimonyanZ14a.bib},
 booktitle = {3rd International Conference on Learning Representations, {ICLR} 2015,
San Diego, CA, USA, May 7-9, 2015, Conference Track Proceedings},
 editor = {Yoshua Bengio and
Yann LeCun},
 timestamp = {Fri, 29 Mar 2019 00:00:00 +0100},
 title = {Very Deep Convolutional Networks for Large-Scale Image Recognition},
 year = {2015}
}

@inproceedings{redmon2017yolo9000,
  title={YOLO9000: better, faster, stronger},
  author={Redmon, Joseph and Farhadi, Ali},
  booktitle={Proceedings of the IEEE conference on computer vision and pattern recognition},
  pages={7263--7271},
  year={2017}
}
@article{ren2015faster,
  title={Faster r-cnn: Towards real-time object detection with region proposal networks},
  author={Ren, Shaoqing and He, Kaiming and Girshick, Ross and Sun, Jian},
  journal={Advances in neural information processing systems},
  volume={28},
  year={2015}
}
@inproceedings{long2015fully,
  title={Fully convolutional networks for semantic segmentation},
  author={Long, Jonathan and Shelhamer, Evan and Darrell, Trevor},
  booktitle={Proceedings of the IEEE conference on computer vision and pattern recognition},
  pages={3431--3440},
  year={2015}
}
@inproceedings{chen2018encoder,
  title={Encoder-decoder with atrous separable convolution for semantic image segmentation},
  author={Chen, Liang-Chieh and Zhu, Yukun and Papandreou, George and Schroff, Florian and Adam, Hartwig},
  booktitle={Proceedings of the European conference on computer vision (ECCV)},
  pages={801--818},
  year={2018}
}
@inproceedings{rebuffi2020there,
  title={There and back again: Revisiting backpropagation saliency methods},
  author={Rebuffi, Sylvestre-Alvise and Fong, Ruth and Ji, Xu and Vedaldi, Andrea},
  booktitle={Proceedings of the IEEE/CVF Conference on Computer Vision and Pattern Recognition},
  pages={8839--8848},
  year={2020}
}
@inproceedings{simonyan2014deep,
  title={Deep inside convolutional networks: Visualising image classification models and saliency maps},
  author={Simonyan, Karen and Vedaldi, Andrea and Zisserman, Andrew},
  booktitle={In Workshop at International Conference on Learning Representations},
  year={2014},
  organization={Citeseer}
}

@inproceedings{zhou2016learning,
 author = {Bolei Zhou and
Aditya Khosla and
{\`{A}}gata Lapedriza and
Aude Oliva and
Antonio Torralba},
 bibsource = {dblp computer science bibliography, https://dblp.org},
 biburl = {https://dblp.org/rec/conf/cvpr/ZhouKLOT16.bib},
 booktitle = {2016 {IEEE} Conference on Computer Vision and Pattern Recognition,
{CVPR} 2016, Las Vegas, NV, USA, June 27-30, 2016},
 doi = {10.1109/CVPR.2016.319},
 pages = {2921--2929},
 publisher = {{IEEE} Computer Society},
 timestamp = {Wed, 12 Jul 2017 01:00:00 +0200},
 title = {Learning Deep Features for Discriminative Localization},
 year = {2016}
}


@inproceedings{selvaraju2017grad,
 author = {Ramprasaath R. Selvaraju and
Michael Cogswell and
Abhishek Das and
Ramakrishna Vedantam and
Devi Parikh and
Dhruv Batra},
 bibsource = {dblp computer science bibliography, https://dblp.org},
 biburl = {https://dblp.org/rec/conf/iccv/SelvarajuCDVPB17.bib},
 booktitle = {{IEEE} International Conference on Computer Vision, {ICCV} 2017, Venice,
Italy, October 22-29, 2017},
 doi = {10.1109/ICCV.2017.74},
 pages = {618--626},
 publisher = {{IEEE} Computer Society},
 timestamp = {Fri, 25 Dec 2020 00:00:00 +0100},
 title = {Grad-CAM: Visual Explanations from Deep Networks via Gradient-Based
Localization},
 year = {2017}
}


@inproceedings{chattopadhay2018grad,
  title={Grad-cam++: Generalized gradient-based visual explanations for deep convolutional networks},
  author={Chattopadhay, Aditya and Sarkar, Anirban and Howlader, Prantik and Balasubramanian, Vineeth N},
  booktitle={2018 IEEE winter conference on applications of computer vision (WACV)},
  pages={839--847},
  year={2018},
  organization={IEEE}
}

@inproceedings{wang2020score,
 author = {Wang, Haofan and Wang, Zifan and Du, Mengnan and Yang, Fan and Zhang, Zijian and Ding, Sirui and Mardziel, Piotr and Hu, Xia},
 booktitle = {Proceedings of the IEEE/CVF conference on computer vision and pattern recognition workshops},
 pages = {24--25},
 title = {Score-CAM: Score-weighted visual explanations for convolutional neural networks},
 year = {2020}
}

@inproceedings{fu2020axiom,
 author = {Ruigang Fu and
Qingyong Hu and
Xiaohu Dong and
Yulan Guo and
Yinghui Gao and
Biao Li},
 bibsource = {dblp computer science bibliography, https://dblp.org},
 biburl = {https://dblp.org/rec/conf/bmvc/FuHDGGL20.bib},
 booktitle = {31st British Machine Vision Conference 2020, {BMVC} 2020, Virtual
Event, UK, September 7-10, 2020},
 publisher = {{BMVA} Press},
 timestamp = {Tue, 12 Jan 2021 00:00:00 +0100},
 title = {Axiom-based Grad-CAM: Towards Accurate Visualization and Explanation
of CNNs},
 year = {2020}
}

@article{zhql2021gc,
  title={Group-CAM: Group Score-Weighted Visual Explanations for Deep Convolutional Networks},
  author={Zhang, Qinglong and Rao, Lu and Yang, Yubin},
  journal={arXiv preprint arXiv:2103.13859},
  year={2021}
}

@inproceedings{jalwana2021cameras,
 author = {Jalwana, Mohammad AAK and Akhtar, Naveed and Bennamoun, Mohammed and Mian, Ajmal},
 booktitle = {Proceedings of the IEEE/CVF Conference on Computer Vision and Pattern Recognition},
 pages = {16327--16336},
 title = {CAMERAS: Enhanced resolution and sanity preserving class activation mapping for image saliency},
 year = {2021}
}

@inproceedings{zeiler2014visualizing,
  title={Visualizing and understanding convolutional networks},
  author={Zeiler, Matthew D and Fergus, Rob},
  booktitle={European conference on computer vision},
  pages={818--833},
  year={2014},
  organization={Springer}
}

@article{springenberg2014striving,
 author = {Springenberg, Jost Tobias and Dosovitskiy, Alexey and Brox, Thomas and Riedmiller, Martin},
 journal = {arXiv preprint arXiv:1412.6806},
 title = {Striving for simplicity: The all convolutional net},
 year = {2014}
}

@inproceedings{shrikumar2017learning,
  title={Learning important features through propagating activation differences},
  author={Shrikumar, Avanti and Greenside, Peyton and Kundaje, Anshul},
  booktitle={International conference on machine learning},
  pages={3145--3153},
  year={2017},
  organization={PMLR}
}
@inproceedings{binder2016layer,
  title={Layer-wise relevance propagation for neural networks with local renormalization layers},
  author={Binder, Alexander and Montavon, Gr{\'e}goire and Lapuschkin, Sebastian and M{\"u}ller, Klaus-Robert and Samek, Wojciech},
  booktitle={International Conference on Artificial Neural Networks},
  pages={63--71},
  year={2016},
  organization={Springer}
}

@article{smilkov2017smoothgrad,
 author = {Smilkov, Daniel and Thorat, Nikhil and Kim, Been and Vi{\'e}gas, Fernanda and Wattenberg, Martin},
 journal = {ArXiv preprint},
 title = {Smoothgrad: removing noise by adding noise},
 volume = {abs/1706.03825},
 year = {2017}
}
@article{adebayo2018local,
 author = {Adebayo, Julius and Gilmer, Justin and Goodfellow, Ian and Kim, Been},
 journal = {ArXiv preprint},
 title = {Local explanation methods for deep neural networks lack sensitivity to parameter values},
 volume = {abs/1810.03307},
 year = {2018}
}

@inproceedings{sundararajan2017axiomatic,
  title={Axiomatic attribution for deep networks},
  author={Sundararajan, Mukund and Taly, Ankur and Yan, Qiqi},
  booktitle={International conference on machine learning},
  pages={3319--3328},
  year={2017},
  organization={PMLR}
}

@inproceedings{adebayo2018sanity,
 author = {Julius Adebayo and
Justin Gilmer and
Michael Muelly and
Ian J. Goodfellow and
Moritz Hardt and
Been Kim},
 bibsource = {dblp computer science bibliography, https://dblp.org},
 biburl = {https://dblp.org/rec/conf/nips/AdebayoGMGHK18.bib},
 booktitle = {Advances in Neural Information Processing Systems 31: Annual Conference
on Neural Information Processing Systems 2018, NeurIPS 2018, December
3-8, 2018, Montr{\'{e}}al, Canada},
 editor = {Samy Bengio and
Hanna M. Wallach and
Hugo Larochelle and
Kristen Grauman and
Nicol{\`{o}} Cesa{-}Bianchi and
Roman Garnett},
 pages = {9525--9536},
 timestamp = {Thu, 21 Jan 2021 00:00:00 +0100},
 title = {Sanity Checks for Saliency Maps},
 year = {2018}
}

@article{omeiza2019smooth,
 author = {Omeiza, Daniel and Speakman, Skyler and Cintas, Celia and Weldermariam, Komminist},
 journal = {ArXiv preprint},
 title = {Smooth grad-cam++: An enhanced inference level visualization technique for deep convolutional neural network models},
 volume = {abs/1908.01224},
 year = {2019}
}

@article{wang2020ss,
 author = {Wang, Haofan and Naidu, Rakshit and Michael, Joy and Kundu, Soumya Snigdha},
 journal = {ArXiv preprint},
 title = {SS-CAM: Smoothed Score-CAM for sharper visual feature localization},
 volume = {abs/2006.14255},
 year = {2020}
}

@inproceedings{ramaswamy2020ablation,
  title={Ablation-cam: Visual explanations for deep convolutional network via gradient-free localization},
  author={Ramaswamy, Harish Guruprasad and others},
  booktitle={Proceedings of the IEEE/CVF Winter Conference on Applications of Computer Vision},
  pages={983--991},
  year={2020}
}
@inproceedings{lee2021relevance,
 author = {Lee, Jeong Ryong and Kim, Sewon and Park, Inyong and Eo, Taejoon and Hwang, Dosik},
 booktitle = {Proceedings of the IEEE/CVF Conference on Computer Vision and Pattern Recognition},
 pages = {14944--14953},
 title = {Relevance-cam: Your model already knows where to look},
 year = {2021}
}

@inproceedings{dosovitskiy2020image,
 author = {Alexey Dosovitskiy and
Lucas Beyer and
Alexander Kolesnikov and
Dirk Weissenborn and
Xiaohua Zhai and
Thomas Unterthiner and
Mostafa Dehghani and
Matthias Minderer and
Georg Heigold and
Sylvain Gelly and
Jakob Uszkoreit and
Neil Houlsby},
 bibsource = {dblp computer science bibliography, https://dblp.org},
 biburl = {https://dblp.org/rec/conf/iclr/DosovitskiyB0WZ21.bib},
 booktitle = {9th International Conference on Learning Representations, {ICLR} 2021,
Virtual Event, Austria, May 3-7, 2021},
 publisher = {OpenReview.net},
 timestamp = {Wed, 23 Jun 2021 01:00:00 +0200},
 title = {An Image is Worth 16x16 Words: Transformers for Image Recognition
at Scale},
 year = {2021}
}

@inproceedings{lundberg2017unified,
 author = {Scott M. Lundberg and
Su{-}In Lee},
 bibsource = {dblp computer science bibliography, https://dblp.org},
 biburl = {https://dblp.org/rec/conf/nips/LundbergL17.bib},
 booktitle = {Advances in Neural Information Processing Systems 30: Annual Conference
on Neural Information Processing Systems 2017, December 4-9, 2017,
Long Beach, CA, {USA}},
 editor = {Isabelle Guyon and
Ulrike von Luxburg and
Samy Bengio and
Hanna M. Wallach and
Rob Fergus and
S. V. N. Vishwanathan and
Roman Garnett},
 pages = {4765--4774},
 timestamp = {Thu, 21 Jan 2021 00:00:00 +0100},
 title = {A Unified Approach to Interpreting Model Predictions},
 year = {2017}
}

@inproceedings{ribeiro2016should,
 author = {Marco T{\'{u}}lio Ribeiro and
Sameer Singh and
Carlos Guestrin},
 bibsource = {dblp computer science bibliography, https://dblp.org},
 biburl = {https://dblp.org/rec/conf/kdd/Ribeiro0G16.bib},
 booktitle = {Proceedings of the 22nd {ACM} {SIGKDD} International Conference on
Knowledge Discovery and Data Mining, San Francisco, CA, USA, August
13-17, 2016},
 doi = {10.1145/2939672.2939778},
 editor = {Balaji Krishnapuram and
Mohak Shah and
Alexander J. Smola and
Charu C. Aggarwal and
Dou Shen and
Rajeev Rastogi},
 pages = {1135--1144},
 publisher = {{ACM}},
 timestamp = {Fri, 25 Dec 2020 00:00:00 +0100},
 title = {"Why Should {I} Trust You?": Explaining the Predictions of Any Classifier},
 year = {2016}
}
@inproceedings{fong2017interpretable,
 author = {Ruth C. Fong and
Andrea Vedaldi},
 bibsource = {dblp computer science bibliography, https://dblp.org},
 biburl = {https://dblp.org/rec/conf/iccv/FongV17.bib},
 booktitle = {{IEEE} International Conference on Computer Vision, {ICCV} 2017, Venice,
Italy, October 22-29, 2017},
 doi = {10.1109/ICCV.2017.371},
 pages = {3449--3457},
 publisher = {{IEEE} Computer Society},
 timestamp = {Fri, 25 Dec 2020 00:00:00 +0100},
 title = {Interpretable Explanations of Black Boxes by Meaningful Perturbation},
 year = {2017}
}

@inproceedings{fong2019understanding,
 author = {Ruth Fong and
Mandela Patrick and
Andrea Vedaldi},
 bibsource = {dblp computer science bibliography, https://dblp.org},
 biburl = {https://dblp.org/rec/conf/iccv/FongPV19.bib},
 booktitle = {2019 {IEEE/CVF} International Conference on Computer Vision, {ICCV}
2019, Seoul, Korea (South), October 27 - November 2, 2019},
 doi = {10.1109/ICCV.2019.00304},
 pages = {2950--2958},
 publisher = {{IEEE}},
 timestamp = {Thu, 05 Mar 2020 00:00:00 +0100},
 title = {Understanding Deep Networks via Extremal Perturbations and Smooth
Masks},
 year = {2019}
}

@inproceedings{zhang2021novel,
 author = {Zhang, Qinglong and Rao, Lu and Yang, Yubin},
 booktitle = {Proceedings of the AAAI Conference on Artificial Intelligence},
 number = {4},
 pages = {3377--3384},
 title = {A novel visual interpretability for deep neural networks by optimizing activation maps with perturbation},
 volume = {35},
 year = {2021}
}

@inproceedings{dabkowski2017real,
 author = {Piotr Dabkowski and
Yarin Gal},
 bibsource = {dblp computer science bibliography, https://dblp.org},
 biburl = {https://dblp.org/rec/conf/nips/DabkowskiG17.bib},
 booktitle = {Advances in Neural Information Processing Systems 30: Annual Conference
on Neural Information Processing Systems 2017, December 4-9, 2017,
Long Beach, CA, {USA}},
 editor = {Isabelle Guyon and
Ulrike von Luxburg and
Samy Bengio and
Hanna M. Wallach and
Rob Fergus and
S. V. N. Vishwanathan and
Roman Garnett},
 pages = {6967--6976},
 timestamp = {Thu, 21 Jan 2021 00:00:00 +0100},
 title = {Real Time Image Saliency for Black Box Classifiers},
 year = {2017}
}
@article{russakovsky2015imagenet,
 author = {Russakovsky, Olga and Deng, Jia and Su, Hao and Krause, Jonathan and Satheesh, Sanjeev and Ma, Sean and Huang, Zhiheng and Karpathy, Andrej and Khosla, Aditya and Bernstein, Michael and others},
 journal = {International journal of computer vision},
 number = {3},
 pages = {211--252},
 publisher = {Springer},
 title = {Imagenet large scale visual recognition challenge},
 volume = {115},
 year = {2015}
}

@article{everingham2010pascal,
 author = {Everingham, Mark and Van Gool, Luc and Williams, Christopher KI and Winn, John and Zisserman, Andrew},
 journal = {International journal of computer vision},
 number = {2},
 pages = {303--338},
 publisher = {Springer},
 title = {The pascal visual object classes (voc) challenge},
 volume = {88},
 year = {2010}
}
@inproceedings{lin2014microsoft,
  title={Microsoft coco: Common objects in context},
  author={Lin, Tsung-Yi and Maire, Michael and Belongie, Serge and Hays, James and Perona, Pietro and Ramanan, Deva and Doll{\'a}r, Piotr and Zitnick, C Lawrence},
  booktitle={European conference on computer vision},
  pages={740--755},
  year={2014},
  organization={Springer}
}

@article{zhang2018top,
 author = {Zhang, Jianming and Bargal, Sarah Adel and Lin, Zhe and Brandt, Jonathan and Shen, Xiaohui and Sclaroff, Stan},
 journal = {International Journal of Computer Vision},
 number = {10},
 pages = {1084--1102},
 publisher = {Springer},
 title = {Top-down neural attention by excitation backprop},
 volume = {126},
 year = {2018}
}


@inproceedings{gomez2022metrics,
  title={Metrics for saliency map evaluation of deep learning explanation methods},
  author={Gomez, Tristan and Fr{\'e}our, Thomas and Mouch{\`e}re, Harold},
  booktitle={Pattern Recognition and Artificial Intelligence: Third International Conference, ICPRAI 2022, Paris, France, June 1--3, 2022, Proceedings, Part I},
  pages={84--95},
  year={2022},
  organization={Springer}
}
@inproceedings{gao2021ts,
  title={Ts-cam: Token semantic coupled attention map for weakly supervised object localization},
  author={Gao, Wei and Wan, Fang and Pan, Xingjia and Peng, Zhiliang and Tian, Qi and Han, Zhenjun and Zhou, Bolei and Ye, Qixiang},
  booktitle={Proceedings of the IEEE/CVF International Conference on Computer Vision},
  pages={2886--2895},
  year={2021}
}
@inproceedings{chefer2021transformer,
  title={Transformer interpretability beyond attention visualization},
  author={Chefer, Hila and Gur, Shir and Wolf, Lior},
  booktitle={Proceedings of the IEEE/CVF Conference on Computer Vision and Pattern Recognition},
  pages={782--791},
  year={2021}
}
@article{bach2015pixel,
  title={On pixel-wise explanations for non-linear classifier decisions by layer-wise relevance propagation},
  author={Bach, Sebastian and Binder, Alexander and Montavon, Gr{\'e}goire and Klauschen, Frederick and M{\"u}ller, Klaus-Robert and Samek, Wojciech},
  journal={PloS one},
  volume={10},
  number={7},
  pages={e0130140},
  year={2015},
  publisher={Public Library of Science San Francisco, CA USA}
}
@article{montavon2017explaining,
  title={Explaining nonlinear classification decisions with deep taylor decomposition},
  author={Montavon, Gr{\'e}goire and Lapuschkin, Sebastian and Binder, Alexander and Samek, Wojciech and M{\"u}ller, Klaus-Robert},
  journal={Pattern recognition},
  volume={65},
  pages={211--222},
  year={2017},
  publisher={Elsevier}
}
@inproceedings{iwanaexplaining,
  title={Explaining convolutional neural networks using softmax gradient layer-wise relevance propagation. In 2019 IEEE},
  author={Iwana, Brian Kenji and Kuroki, Ryohei and Uchida, Seiichi},
  booktitle={CVF International Conference on Computer Vision Workshop (ICCVW)},
  pages={4176--4185}
}
@inproceedings{gu2018understanding,
  title={Understanding individual decisions of cnns via contrastive backpropagation},
  author={Gu, Jindong and Yang, Yinchong and Tresp, Volker},
  booktitle={Asian Conference on Computer Vision},
  pages={119--134},
  year={2018},
  organization={Springer}
}
@inproceedings{voita2019analyzing,
  title={Analyzing Multi-Head Self-Attention: Specialized Heads Do the Heavy Lifting, the Rest Can Be Pruned},
  author={Voita, Elena and Talbot, David and Moiseev, Fedor and Sennrich, Rico and Titov, Ivan},
  booktitle={Proceedings of the 57th Annual Meeting of the Association for Computational Linguistics},
  pages={5797--5808},
  year={2019}
}
@article{guillaumin2014imagenet,
  title={Imagenet auto-annotation with segmentation propagation},
  author={Guillaumin, Matthieu and K{\"u}ttel, Daniel and Ferrari, Vittorio},
  journal={International Journal of Computer Vision},
  volume={110},
  number={3},
  pages={328--348},
  year={2014},
  publisher={Springer}
}

@inproceedings{kapishnikov2019xrai,
  title={Xrai: Better attributions through regions},
  author={Kapishnikov, Andrei and Bolukbasi, Tolga and Vi{\'e}gas, Fernanda and Terry, Michael},
  booktitle={Proceedings of the IEEE/CVF International Conference on Computer Vision},
  pages={4948--4957},
  year={2019}
}